@article{lesser1974children,
  title={Children and Television: Lessons from Sesame Street.},
  author={Lesser, Gerald S},
  year={1974},
  publisher={ERIC}
}
